@article{callaway2021difference,
  title={Difference-in-differences with multiple time periods},
  author={Callaway, Brantly and Sant’Anna, Pedro HC},
  journal={Journal of Econometrics},
  volume={225},
  number={2},
  pages={200--230},
  year={2021},
  publisher={Elsevier}
}

@article{borusyak2021revisiting,
  title={Revisiting event study designs: Robust and efficient estimation},
  author={Borusyak, Kirill and Jaravel, Xavier and Spiess, Jann},
  journal={arXiv preprint arXiv:2108.12419},
  year={2021}
}

@article{meckel2020cure,
  title={Is the cure worse than the disease? unintended effects of payment reform in a quantity-based transfer program},
  author={Meckel, Katherine},
  journal={American Economic Review},
  volume={110},
  number={6},
  pages={1821--1865},
  year={2020},
  publisher={American Economic Association 2014 Broadway, Suite 305, Nashville, TN 37203}
}

@article{sun2021estimating,
  title={Estimating dynamic treatment effects in event studies with heterogeneous treatment effects},
  author={Sun, Liyang and Abraham, Sarah},
  journal={Journal of Econometrics},
  volume={225},
  number={2},
  pages={175--199},
  year={2021},
  publisher={Elsevier}
}

@article{hanks2019paper,
  title={From paper to plastic: understanding the impact of eWIC on WIC recipient behavior},
  author={Hanks, Andrew S and Gunther, Carolyn and Lillard, Dean and Scharff, Robert L},
  journal={Food Policy},
  volume={83},
  pages={83--91},
  year={2019},
  publisher={Elsevier}
}

@article{li2022impacts,
  title={Impacts of Electronic Benefit Transfer on the Women, Infants and Children Program: Evidence from Oklahoma},
  author={Li, Xuemei and Saitone, Tina L and Sexton, Richard J},
  journal={Journal of Agricultural and Resource Economics},
  volume={47},
  number={2},
  pages={373--389},
  year={2022}
}

@article{goodman2021difference,
  title={Difference-in-differences with variation in treatment timing},
  author={Goodman-Bacon, Andrew},
  journal={Journal of Econometrics},
  volume={225},
  number={2},
  pages={254--277},
  year={2021},
  publisher={Elsevier}
}

@article{chorniy2020does,
	title={Does prenatal WIC participation improve child outcomes?},
	author={Chorniy, Anna and Currie, Janet and Sonchak, Lyudmyla},
	journal={American Journal of Health Economics},
	volume={6},
	number={2},
	pages={169--198},
	year={2020},
	publisher={The University of Chicago Press Chicago, IL}
}

@article{hoynes2011can,
	title={Can targeted transfers improve birth outcomes?: Evidence from the introduction of the WIC program},
	author={Hoynes, Hilary and Page, Marianne and Stevens, Ann Huff},
	journal={Journal of Public Economics},
	volume={95},
	number={7-8},
	pages={813--827},
	year={2011},
	publisher={Elsevier}
}

@article{kreider2016identifying,
	title={Identifying the effects of WIC on food insecurity among infants and children},
	author={Kreider, Brent and Pepper, John V and Roy, Manan},
	journal={Southern Economic Journal},
	volume={82},
	number={4},
	pages={1106--1122},
	year={2016},
	publisher={Wiley Online Library}
}

@article{almond2011inside,
	title={Inside the war on poverty: The impact of food stamps on birth outcomes},
	author={Almond, Douglas and Hoynes, Hilary W and Schanzenbach, Diane Whitmore},
	journal={The review of economics and statistics},
	volume={93},
	number={2},
	pages={387--403},
	year={2011},
	publisher={The MIT Press}
}

@article{alsan2022fear,
	title={Fear and the safety net: Evidence from secure communities},
	author={Alsan, Marcella and Yang, Crystal S},
	journal={Review of Economics and Statistics},
	pages={1--45},
	year={2022},
	publisher={MIT Press One Rogers Street, Cambridge, MA 02142-1209, USA journals-info~…}
}

@article{east2023labor,
	title={The labor market effects of immigration enforcement},
	author={East, Chloe N and Hines, Annie L and Luck, Philip and Mansour, Hani and Velasquez, Andrea},
	journal={Journal of Labor Economics},
	volume={41},
	number={4},
	pages={957--996},
	year={2023},
	publisher={The University of Chicago Press Chicago, IL}
}